@inbook{ajmal2012,
	author="Ajmal, Muhammad	and Ashraf, Muhammad Husnain and Shakir, Muhammad and Abbas, Yasir and Shah, Faiz Ali",
	editor="Bolc, Leonard and Tadeusiewicz, Ryszard	and Chmielewski, Leszek J. and Wojciechowski, Konrad",
	title="Video Summarization: Techniques and Classification",
	bookTitle="Computer Vision and Graphics: International Conference, ICCVG 2012, Warsaw, Poland, September 24-26, 2012. Proceedings",
	year="2012",
	publisher="Springer Berlin Heidelberg",
	address="Berlin, Heidelberg",
	pages="1--13",
	isbn="978-3-642-33564-8",
}
@inproceedings{otani2016,
    author = {Mayu Otani and Yuta Nakashima and Esa Rahtu and Janne Heikkila and Naokazu Yokoya},
    title = {Video Summarization using Deep Semantic Features},
	booktitle={2016 Asian Conference on Computer Vision (ACCV)}, 
    year = {2016},
}
@inproceedings{song2016,
    author = {Yale Song and Miriam Redi and Jordi Vallmitjana and Alejandro Jaimes},
    title = {To Click or Not To Click: Automatic Selection of Beautiful Thumbnails from Videos},
    bookTitle = {2016 ACM International Conference on Information and Knowledge Management (CIKM)},
    year = {2016},	
}
@inproceedings{kulesza2011,
  title = 	{Learning Determinantal Point Processes},
  author = 	{Alex Kulesza and Ben Taskar},
  booktitle = 	{Proceedings of the 27th Conference on Uncertainty in Artificial Intelligence},
  year = 	{2011},
}
@inproceedings{tvsum, 
	author={Yale Song and J. Vallmitjana and A. Stent and A. Jaimes}, 
	booktitle={2015 IEEE Conference on Computer Vision and Pattern Recognition (CVPR)}, 
	title={TVSum: Summarizing web videos using titles}, 
	year={2015}, 
	pages={5179-5187}, 
	keywords={Internet;video retrieval;video signal processing;TVSum50 dataset;canonical visual concepts;coarchetypal analysis technique;joint-factorial dataset representation;title-based image search results;unsupervised Web video summarization;Approximation methods;Crowdsourcing;Focusing;Optimization;Videos;Visualization;Yttrium}, 
	doi={10.1109/CVPR.2015.7299154}, 
	ISSN={1063-6919}, 
	month={June},
}
@book{kulesza2012,
	 author = {Kulesza, Alex and Taskar, Ben},
	 title = {Determinantal Point Processes for Machine Learning},
	 year = {2012},
	 isbn = {1601986289, 9781601986283},
	 publisher = {Now Publishers Inc.},
	 address = {Hanover, MA, USA},
}
@article{vsumm,
	title = "VSUMM: A mechanism designed to produce static video summaries and a novel evaluation method ",
	journal = "Pattern Recognition Letters ",
	volume = "32",
	number = "1",
	pages = "56 - 68",
	year = "2011",
	author = "Sandra Eliza Fontes de Avila and Ana Paula Brandão Lopes and Antonio da Luz Jr. and Arnaldo de Albuquerque Araújo",
}
@misc{keras,
    author = {François Chollet },
    title = {keras},
    year = {2015},
    publisher = {GitHub},
    journal = {GitHub repository},
    howpublished = {\texttt{https://github.com/fchollet/keras}},
    commit = {5bcac37}
}
